
@ARTICLE{isomap,
    author = { J. B. Tenenbaum, V. de Silva and J. C. Langford },
    title = {\textlatin{A Global Geometric Framework for Nonlinear Dimensionality Reduction}},
    year = {2000},
    language={english},
  	hyphenation={english}
}

@ARTICLE{laplassianeigenmaps,
    author = {Mikhail Belkin and Partha Niyogi},
    title = {Laplacian Eigenmaps for Dimensionality Reduction and Data Representation},
    year = {2000}
}

@ARTICLE{lle,
    author = {Sam T. Roweis and Lawrence K. Saul},
    title = {Nonlinear Dimensionality Reduction by Locally Linear Embedding},
    year = {2000}
}

@book{lanczos,
 author = {Cullum, Jane K. and Willoughby, Ralph A.},
 title = {Lanczos Algorithms for Large Symmetric Eigenvalue Computations, Vol. 1},
 year = {2002}
}

@article{1,
  author = {Liu, Xin and Tosun, Duygu and Weiner, Michael W. and Schuff, Norbert},
  title = {Locally Linear Embedding (LLE) for MRI based Alzheimer's disease classification.},
  year = 2013
}

@article{2,
  author = {Shen, Hualei and Tao,Dacheng and Ma,Dianfu},
  title = {Multiview Locally Linear Embedding for Effective Medical Image Retrieval.},
  year = 2013
}

@article{3,
    author = {L.J.P. van der Maaten and E. O. Postma and H. J. van den Herik},
    title = { Dimensionality Reduction: A Comparative Review},
    year = {2008}
}

@article{4,
    author = {Kouropteva, Olga and Okun, Oleg and Pietik\"{a}inen, Matti},
    title = {Supervised Locally Linear Embedding Algorithm for Pattern Recognition},
    year = {2003}
}

@article{5,
    author = {Dick de Ridder and Robert P.W. Duin},
    title = {Locally Linear Embedding For Classification},
    year = {2002}
}

@article{7,
    author = {Marzia Polito and Pietro Perona},
    title = {Grouping and Dimensionality Reduction by Locally Linear Lmbedding},
    year = {2005}
}

@article{8,
    author = {Yun Fu and Thomas S.Huang},
    title = {Locally Linear Embedded Eigenspace Analysis },
    year = {2005}
}

@article{9,
    author = {Saul, Lawrence K. and Roweis, Sam T.},
    title = {Think Globally, Fit Locally: Unsupervised Learning of Low Dimensional Manifolds},
    year = {2003}
}

@article{10,
    author = {Laszlo Lovasz},
    title = {Eigenvalues of Graphs},
    year = {2007}
}

@article{11,
    author = {Olga Kouropteva and Oleg Okun and Matti Pietikainen},
    title = {Incremental Locally Linear Embedding Algorithm},
    year = {2005}
}

@article{12,
    author = { Yuval Netzer and Tao Wang and Adam Coates and Alessandro Bissacco and Bo Wu and Andrew Y. Ng},
    title = {Reading Digits in Natural Images with Unsupervised Feature Learning},
    year = {2011}
}

@article{13,
    author = {Frank Dellaert},
    title = {Singular Value and EigenValue Decompositions},
    year = {2008}
}

@book{14,
    author = {S.Theodoridis and K.Koutroumbas},
    title = {Pattern Recognition},
    year = {2008}
}

@book{15,
    author = {Isabelle Guyon and Steve Gunn and Masoud Nikravesh and Lofti Zadeh},
    title = {Feature Extraction, Foundations and Applications},
    year = {2006}
}

@article{mnist,
    author = {Y. LeCun and L. Bottou and Y. Bengio and P. Haffner},
    title = {Gradient-based learning applied to document recognition},
    year = {1998}
}

@article{swiss_roll,
    author = {Dinoj Surendran},
    title = { Swiss Roll Dataset },
    year = {2004}
}

@article{mds,
    author = {Y.-h. Taguchi and Y.Oono},
    title = { Relational patterns of gene expression via non-metric
multidimensional scaling analysis },
    year = {2004}
}

@article{pca,
    author = {Jolliffe},
    title = { Principal Component Analysis },
	year = {2002}
}

@article{svd,
    author = {G. W. Stewart},
    title = { On the Early History of the Singular Value Decomposition },
	year = {1992}
}

@article{kmeans,
    author = {J. B. MacQueen},
    title = { Some Methods for classification and Analysis of Multivariate Observations },
	year = {1967}
}

@article{hog,
    author = {Navneet Dalal and Bill Triggs},
    title = { Histograms of Oriented Gradients for Human Detection },
	year = {2005}
}

@article{sift,
    author = {David G.Lowe},
    title = { Distinctive Image Features from Scale-Invariant Keypoints },
	year = {2004}
}